@BOOK{billingsley1995probability,
  title={Probability and Measure},
  author={Billingsley, Patrick},
  year={1995},
  publisher={John Wiley \& Sons}
}

@INCOLLECTION{Rothstein2006-cq,
  title     = "Publication Bias in Meta-Analysis",
  booktitle = "Publication Bias in Meta-Analysis: Prevention, Assessment and
               Adjustments",
  author    = "Rothstein, Hannah R and Sutton, Alexander J and Borenstein,
               Michael",
  editor    = "Rothstein, Hannah R and Sutton, Alexander J and Borenstein,
               Michael",
  publisher = "John Wiley \& Sons, Ltd",
  year      =  2006,
  isbn      = "9780470870143",
  doi       = "10.1002/0470870168"
}

@ARTICLE{Simonsohn2014-cn,
  title     = "p-Curve and Effect Size: Correcting for Publication Bias Using
               Only Significant Results",
  author    = "Simonsohn, Uri and Nelson, Leif D and Simmons, Joseph P",
  journal   = "Perspectives on Psychological Science",
  publisher = "journals.sagepub.com",
  volume    =  9,
  number    =  6,
  pages     = "666--681",
  year      =  2014,
  language  = "en",
  issn      = "1745-6916, 1745-6924",
  pmid      = "26186117",
  doi       = "10.1177/1745691614553988"
}

@ARTICLE{Van_Aert2016-cu,
  title     = "Conducting {Meta-Analyses} Based on p Values: Reservations and
               Recommendations for Applying p-Uniform and p-Curve",
  author    = "van Aert, Robbie C M and Wicherts, Jelte M and van Assen, Marcel
               A L M",
  journal   = "Perspectives on Psychological Science",
  publisher = "journals.sagepub.com",
  volume    =  11,
  number    =  5,
  pages     = "713--729",
  year      =  2016,
  language  = "en",
  issn      = "1745-6916, 1745-6924",
  pmid      = "27694466",
  doi       = "10.1177/1745691616650874",
  pmc       = "PMC5117126"
}

@BOOK{Casella2002-lg,
  title     = "Statistical inference",
  author    = "Casella, George and Berger, Roger L",
  publisher = "Duxbury Pacific Grove, CA",
  year      =  2002,
}

@BOOK{Johnson1994-ag,
  title     = "Continuous univariate distributions",
  author    = "Johnson, Norman Lloyd and Kotz, Samuel and Balakrishnan,
               Narayanaswamy",
  publisher = "Wiley",
  year      =  1994
}

@BOOK{lehmann2006testing,
  title     = "Testing Statistical Hypotheses",
  author    = "Lehmann, Erich L and Romano, Joseph P",
  publisher = "Springer Science \& Business Media",
  year      =  2005,
  doi       = "10.1007/0-387-27605-x"
}

@BOOK{lipsey2001practical,
  title={Practical Meta-analysis},
  author={Lipsey, Mark W and Wilson, David B},
  year={2001},
  publisher={Sage Publications, Inc}
}

@ARTICLE{hedges1992modeling,
  title     = "Modeling Publication Selection Effects in Meta-Analysis",
  author    = "Hedges, Larry V",
  journal   = "Statistical Science",
  publisher = "Institute of Mathematical Statistics",
  volume    =  7,
  number    =  2,
  pages     = "246--255",
  year      =  1992,
  issn      = "0883-4237",
  doi       = "10.1214/ss/1177011364"
}

@ARTICLE{hedges1998fixed,
  title     = "Fixed-and random-effects models in meta-analysis",
  author    = "Hedges, Larry V and Vevea, Jack L",
  journal   = "Psychological Methods",
  publisher = "American Psychological Association",
  volume    =  3,
  number    =  4,
  pages     = "486",
  year      =  1998,
  issn      = "1082-989X",
  doi       = "10.1037/1082-989x.3.4.486"
}

@ARTICLE{borjesson1979simple,
  title     = "Simple Approximations of the Error Function {Q}(x) for
               Communications Applications",
  author    = "Borjesson, P and Sundberg, C",
  journal   = "IEEE Transactions on Communications",
  publisher = "ieeexplore.ieee.org",
  volume    =  27,
  number    =  3,
  pages     = "639--643",
  year      =  1979,
  issn      = "1558-0857",
  doi       = "10.1109/TCOM.1979.1094433"
}

@ARTICLE{Pfanzagl1998-fe,
  title     = "The nonexistence of confidence sets for discontinuous
               functionals",
  author    = "Pfanzagl, J",
  journal   = "Journal of Statistical Planning and Inference",
  publisher = "Elsevier",
  volume    =  75,
  number    =  1,
  pages     = "9--20",
  year      =  1998,
  issn      = "0378-3758",
  doi       = "10.1016/S0378-3758(98)00121-9"
}

@ARTICLE{Donoho1988-hg,
  title     = "One-sided Inference about Functionals of a Density",
  author    = "Donoho, David L",
  journal   = "Annals of Statistics",
  publisher = "Institute of Mathematical Statistics",
  volume    =  16,
  number    =  4,
  pages     = "1390--1420",
  year      =  1988,
  doi       = "10.1214/aos/1176351045"
}

@ARTICLE{moss2019modelling,
  title={Modelling publication bias and p-hacking},
  author={Moss, Jonas and De Bin, Riccardo},
  journal={arXiv preprints},
  url = {https://arxiv.org/abs/1911.12445},
  year={2020}
}

@ARTICLE{simmons2011false,
  title     = "False-positive psychology: {Undisclosed} flexibility in data
               collection and analysis allows presenting anything as
               significant",
  author    = "Simmons, Joseph P and Nelson, Leif D and Simonsohn, Uri",
  journal   = "Psychological Science",
  publisher = "journals.sagepub.com",
  volume    =  22,
  number    =  11,
  pages     = "1359--1366",
  year      =  2011,
  language  = "en",
  issn      = "0956-7976, 1467-9280",
  pmid      = "22006061",
  doi       = "10.1177/0956797611417632"
}

@ARTICLE{citkowicz2017parsimonious,
  title     = "A parsimonious weight function for modeling publication bias",
  author    = "Citkowicz, Martyna and Vevea, Jack L",
  journal   = "Psychological Methods",
  publisher = "psycnet.apa.org",
  volume    =  22,
  number    =  1,
  pages     = "28--41",
  year      =  2017,
  language  = "en",
  issn      = "1082-989X, 1939-1463",
  pmid      = "28252998",
  doi       = "10.1037/met0000119"
}

@ARTICLE{hedges1984estimation,
  title     = "Estimation of Effect Size under Nonrandom Sampling: The Effects
               of Censoring Studies Yielding Statistically Insignificant Mean
               Differences",
  author    = "Hedges, Larry V",
  journal   = "Journal of Educational and Behavioral Statistics",
  publisher = "American Educational Research Association",
  volume    =  9,
  number    =  1,
  pages     = "61--85",
  year      =  1984,
  issn      = "1076-9986, 0362-9791",
  doi       = "10.3102/10769986009001061"
}

@ARTICLE{flury1990acceptance,
  title     = "{Acceptance}--Rejection Sampling Made Easy",
  author    = "Flury, Bernard D",
  journal   = "SIAM Review",
  publisher = "Society for Industrial and Applied Mathematics",
  volume    =  32,
  number    =  3,
  pages     = "474--476",
  year      =  1990,
  issn      = "0036-1445",
  doi       = "10.1137/1032082"
}

@ARTICLE{von1951various,
  title   = "Various techniques used in connection with random digits",
  author  = "von Neumann, John",
  journal = "Applied Math Series",
  volume  =  12,
  number  = "36-38",
  pages   = "5",
  year    =  1951
}

@ARTICLE{gleser996bootstrap,
  title     = "Bootstrap Confidence Intervals: Comment",
  author    = "Gleser, Leon Jay",
  journal   = "Statistical Science",
  publisher = "Institute of Mathematical Statistics",
  volume    =  11,
  number    =  3,
  pages     = "219--222",
  year      =  1996,
  doi       = "10.1214/ss/1032280214"
}

@ARTICLE{romano2004non,
  title     = "On Non-parametric Testing, the Uniform Behaviour of the t-test,
               and Related Problems",
  author    = "Romano, Joseph P",
  journal   = "Scandinavian Journal of Statistics",
  publisher = "Wiley Online Library",
  volume    =  31,
  number    =  4,
  pages     = "567--584",
  year      =  2004,
  issn      = "0303-6898",
  doi       = "10.1111/j.1467-9469.2004.00407.x"
}

@article{stanley2014meta,
  title     = "Meta-regression approximations to reduce publication selection
               bias",
  author    = "Stanley, Tom D and Doucouliagos, Hristos",
  journal   = "Research Synthesis Methods",
  publisher = "Wiley Online Library",
  volume    =  5,
  number    =  1,
  pages     = "60--78",
  year      =  2014,
  doi       = "10.1002/jrsm.1095"
}

@ARTICLE{mcshane2016adjusting,
  title     = "Adjusting for Publication Bias in Meta-Analysis: An Evaluation
               of Selection Methods and Some Cautionary Notes",
  author    = "McShane, Blakeley B and B{\"o}ckenholt, Ulf and Hansen, Karsten
               T",
  journal   = "Perspectives on Psychological Science",
  publisher = "journals.sagepub.com",
  volume    =  11,
  number    =  5,
  pages     = "730--749",
  year      =  2016,
  issn      = "1745-6916, 1745-6924",
  pmid      = "27694467",
  doi       = "10.1177/1745691616662243"
}

@ARTICLE{iyengar1988selection,
  title     = "Selection Models and the File Drawer Problem",
  author    = "Iyengar, Satish and Greenhouse, Joel B",
  journal   = "Statistical Science",
  publisher = "Institute of Mathematical Statistics",
  volume    =  3,
  number    =  1,
  pages     = "109--117",
  year      =  1988,
  issn      = "0883-4237",
  doi       = "10.1214/ss/1177013012"
}

@ARTICLE{sterling1959publication,
  title     = "Publication Decisions and their Possible Effects on Inferences
               Drawn from Tests of Significance---or Vice Versa",
  author    = "Sterling, Theodore D",
  journal   = "Journal of the American Statistical Association",
  publisher = "Taylor \& Francis",
  volume    =  54,
  number    =  285,
  pages     = "30--34",
  year      =  1959,
  issn      = "0162-1459",
  doi       = "10.1080/01621459.1959.10501497"
}

@ARTICLE{gleser1987nonexistence,
  title     = "The Nonexistence of 100(1 - $\alpha$)\% Confidence Sets of
               Finite Expected Diameter in Errors-in-Variables and Related
               Models",
  author    = "Gleser, Leon Jay and Hwang, Jiunn T",
  journal   = "Annals of Statistics",
  publisher = "Institute of Mathematical Statistics",
  volume    =  15,
  number    =  4,
  pages     = "1351--1362",
  year      =  1987,
  issn      = "0090-5364",
  doi       = "10.1214/aos/1176350597"
}

@ARTICLE{bahadur1956nonexistence,
  title     = "The Nonexistence of Certain Statistical Procedures in
               Nonparametric Problems",
  author    = "Bahadur, R R and Savage, Leonard J",
  journal   = "Annals of Mathematical Statistics",
  publisher = "Institute of Mathematical Statistics",
  volume    =  27,
  number    =  4,
  pages     = "1115--1122",
  year      =  1956,
  issn      = "0003-4851",
  doi       = "10.1214/aoms/1177728077"
}

@ARTICLE{berger1999integrated,
  title     = "Integrated likelihood methods for eliminating nuisance
               parameters",
  author    = "Berger, James O and Liseo, Brunero and Wolpert, Robert L",
  journal   = "Statistical Science",
  publisher = "Institute of Mathematical Statistics",
  volume    =  14,
  number    =  1,
  pages     = "1--28",
  year      =  1999,
  issn      = "0883-4237, 2168-8745",
  doi       = "10.1214/ss/1009211804"
}

